
@article{MKLLibrary,
author = {Intel},
title = {MKL Library},
journal = { \href{https://software.intel.com/en-us/mkl}{Link to documentation}},
year = ,
volume = {},
note = {},
}
@article{OpenBlas,
author = {Open source},
title = {OpenBlas},
journal = { \href{https://github.com/xianyi/OpenBLAS}{Link to documentation}},
year = ,
volume = {},
note = {},
}
